@ONLINE{intel:arch,
author = {Fog, Agner},
title = {The microarchitecture of Intel, AMD, and VIA CPUs {@ONLINE}},
month = {Janaury},
year = {2013},
url = {http://www.agner.org/optimize/instruction_tables.pdf}
}

@ONLINE{intel:i53570k:spec,
author = {CPU World},
title = {Intel Core i5 3570K Spec Sheet},
month = {Janaury},
year = {2013},
url = {http://www.cpu-world.com/CPUs/Core_i5/Intel-Core\%20i5-3570K.html}
}

@ARTICLE{papi,
author = {Philip J. Mucci, Shirley Browne, Christine Deane, and George Ho}
title = {PAPI: A Protable Interface to Hardware Performance Counters},
journal = {Proceedings of Department of Defense HPCMP Users Group Conference},
month = {June},
year = {1999}
}